
@article{tumasjan2010predicting,
	title={Predicting Elections with Twitter: What 140 Characters Reveal about Political Sentiment.},
	author={Tumasjan, Andranik and Sprenger, Timm Oliver and Sandner, Philipp G and Welpe, Isabell M},
	journal={ICWSM},
	volume={10},
	pages={178--185},
	year={2010}
}

@article{aaker2010obama,
	title={Obama and the power of social media and technology},
	author={Aaker, Jennifer and Chang, Victoria},
	journal={The European Business Review},
	pages={17--21},
	year={2010}
}

@inproceedings{effing2011social,
	title={Social media and political participation: are Facebook, Twitter and YouTube democratizing our political systems?},
	author={Effing, Robin and van Hillegersberg, Jos and Huibers, Theo},
	booktitle={International Conference on Electronic Participation},
	pages={25--35},
	year={2011},
	organization={Springer}
}

@article{larsson2012studying,
	title={Studying political microblogging: Twitter users in the 2010 Swedish election campaign},
	author={Larsson, Anders Olof and Moe, Hallvard},
	journal={New Media \& Society},
	volume={14},
	number={5},
	pages={729--747},
	year={2012},
	publisher={Sage Publications}
}

@article{miller2015studying,
	title={Studying Political Microblogging: Parliamentary Candidates on Twitter During the February 2012 Election in Kuwait},
	author={Miller, Noah W and Ko, Rosa S},
	journal={International Journal of Communication},
	volume={9},
	pages={21},
	year={2015}
}


@article{graham2013between,
	title={Between broadcasting political messages and interacting with voters: The use of Twitter during the 2010 UK general election campaign},
	author={Graham, Todd and Broersma, Marcel and Hazelhoff, Karin and van't Haar, Guido},
	journal={Information, Communication \& Society},
	volume={16},
	number={5},
	pages={692--716},
	year={2013},
	publisher={Taylor \& Francis}
}